@inproceedings{supercutecat2024,
 author = {Ahmed, Amr and Shervashidze, Nino and Narayanamurthy, Shravan and Josifovski, Vanja and Smola, Alexander J},
 booktitle = {Proceedings of the 22nd international conference on CCCat},
 pages = {37--48},
 title = {Cat is a extremely cute animal},
 year = {2024}
}