@inproceedings{ahmed2013distributed,
 author = {Ahmed, Amr and Shervashidze, Nino and Narayanamurthy, Shravan and Josifovski, Vanja and Smola, Alexander J},
 booktitle = {Proceedings of the 22nd international conference on World Wide Web},
 pages = {37--48},
 title = {Distributed large-scale natural graph factorization},
 year = {2013}
}

@article{belkin2001laplacian,
 author = {Belkin, Mikhail and Niyogi, Partha},
 journal = {Advances in neural information processing systems},
 title = {Laplacian eigenmaps and spectral techniques for embedding and clustering},
 volume = {14},
 year = {2001}
}

@article{belkin2003laplacian,
 author = {Belkin, Mikhail and Niyogi, Partha},
 journal = {Neural computation},
 number = {6},
 pages = {1373--1396},
 publisher = {MIT Press},
 title = {Laplacian eigenmaps for dimensionality reduction and data representation},
 volume = {15},
 year = {2003}
}

@article{brin1998anatomy,
 author = {Brin, Sergey and Page, Lawrence},
 journal = {Computer networks and ISDN systems},
 number = {1-7},
 pages = {107--117},
 publisher = {Elsevier},
 title = {The anatomy of a large-scale hypertextual web search engine},
 volume = {30},
 year = {1998}
}

@inproceedings{cao2007learning,
 author = {Cao, Zhe and Qin, Tao and Liu, Tie-Yan and Tsai, Ming-Feng and Li, Hang},
 booktitle = {Proceedings of the 24th international conference on Machine learning},
 pages = {129--136},
 title = {Learning to rank: from pairwise approach to listwise approach},
 year = {2007}
}

@inproceedings{cao2015grarep,
 author = {Cao, Shaosheng and Lu, Wei and Xu, Qiongkai},
 booktitle = {Proceedings of the 24th ACM international on conference on information and knowledge management},
 pages = {891--900},
 title = {Grarep: Learning graph representations with global structural information},
 year = {2015}
}

@article{caos2015learninggraphrepresentationswithglobalstructuralinformation,
 author = {CAOS, LUW and GraRep, XUQ},
 journal = {ACM InternationalonConferenceonInformationandKnowledgeManagement},
 pages = {r900},
 publisher = {USA: ACM},
 title = {Learninggraphrepresentationswithglobalstructuralinformation},
 year = {2015}
}

@article{cong2023we,
 author = {Cong, Weilin and Zhang, Si and Kang, Jian and Yuan, Baichuan and Wu, Hao and Zhou, Xin and Tong, Hanghang and Mahdavi, Mehrdad},
 journal = {arXiv preprint arXiv:2302.11636},
 title = {Do We Really Need Complicated Model Architectures For Temporal Networks?},
 year = {2023}
}

@misc{enroncleankaggle,
 author = {Tarun42},
 title = {Enron Email Dataset},
 url = {https://www.kaggle.com/datasets/tarun42/enron-clean/data},
 year = {2023}
}

@inproceedings{feng2019hypergraph,
 author = {Feng, Yifan and You, Haoxuan and Zhang, Zizhao and Ji, Rongrong and Gao, Yue},
 booktitle = {Proceedings of the AAAI conference on artificial intelligence},
 pages = {3558--3565},
 title = {Hypergraph neural networks},
 volume = {33},
 year = {2019}
}

@article{feng2022powerful,
 author = {Feng, Jiarui and Chen, Yixin and Li, Fuhai and Sarkar, Anindya and Zhang, Muhan},
 journal = {Advances in Neural Information Processing Systems},
 pages = {4776--4790},
 title = {How powerful are k-hop message passing graph neural networks},
 volume = {35},
 year = {2022}
}

@inproceedings{fey2019fast,
 author = {Fey, Matthias and Lenssen, Jan E.},
 booktitle = {ICLR Workshop on Representation Learning on Graphs and Manifolds},
 title = {Fast Graph Representation Learning with {PyTorch Geometric}},
 year = {2019}
}

@article{fey2023relational,
 author = {Fey, Matthias and Hu, Weihua and Huang, Kexin and Lenssen, Jan Eric and Ranjan, Rishabh and Robinson, Joshua and Ying, Rex and You, Jiaxuan and Leskovec, Jure},
 journal = {arXiv preprint arXiv:2312.04615},
 title = {Relational Deep Learning: Graph Representation Learning on Relational Databases},
 year = {2023}
}

@article{gao2022hgnn,
 author = {Gao, Yue and Feng, Yifan and Ji, Shuyi and Ji, Rongrong},
 journal = {IEEE Transactions on Pattern Analysis and Machine Intelligence},
 publisher = {IEEE},
 title = {HGNN $\^{}+ $: General Hypergraph Neural Networks},
 year = {2022}
}

@inproceedings{haveliwala2002topic,
 author = {Haveliwala, Taher H},
 booktitle = {Proceedings of the 11th international conference on World Wide Web},
 pages = {517--526},
 title = {Topic-sensitive pagerank},
 year = {2002}
}

@article{hu2020ogb,
 author = {Hu, Weihua and Fey, Matthias and Zitnik, Marinka and Dong, Yuxiao and Ren, Hongyu and Liu, Bowen and Catasta, Michele and Leskovec, Jure},
 journal = {arXiv preprint arXiv:2005.00687},
 title = {Open Graph Benchmark: Datasets for Machine Learning on Graphs},
 year = {2020}
}

@article{hu2021ogblsc,
 author = {Hu, Weihua and Fey, Matthias and Ren, Hongyu and Nakata, Maho and Dong, Yuxiao and Leskovec, Jure},
 journal = {arXiv preprint arXiv:2103.09430},
 title = {OGB-LSC: A Large-Scale Challenge for Machine Learning on Graphs},
 year = {2021}
}

@article{hu2022tuneup,
 author = {Hu, Weihua and Cao, Kaidi and Huang, Kexin and Huang, Edward W and Subbian, Karthik and Kawaguchi, Kenji and Leskovec, Jure},
 journal = {arXiv preprint arXiv:2210.14843},
 title = {TuneUp: A Simple Improved Training Strategy for Graph Neural Networks},
 year = {2022}
}

@inproceedings{huang2021short,
 author = {Huang, Ningyuan Teresa and Villar, Soledad},
 booktitle = {ICASSP 2021-2021 IEEE International Conference on Acoustics, Speech and Signal Processing (ICASSP)},
 organization = {IEEE},
 pages = {8533--8537},
 title = {A short tutorial on the weisfeiler-lehman test and its variants},
 year = {2021}
}

@article{huang2023temporal,
 author = {Huang, Shenyang and Poursafaei, Farimah and Danovitch, Jacob and Fey, Matthias and Hu, Weihua and Rossi, Emanuele and Leskovec, Jure and Bronstein, Michael and Rabusseau, Guillaume and Rabbany, Reihaneh},
 journal = {Advances in Neural Information Processing Systems},
 title = {Temporal graph benchmark for machine learning on temporal graphs},
 year = {2023}
}

@article{kazemi2019time2vec,
 author = {Kazemi, Seyed Mehran and Goel, Rishab and Eghbali, Sepehr and Ramanan, Janahan and Sahota, Jaspreet and Thakur, Sanjay and Wu, Stella and Smyth, Cathal and Poupart, Pascal and Brubaker, Marcus},
 journal = {arXiv preprint arXiv:1907.05321},
 title = {Time2vec: Learning a vector representation of time},
 year = {2019}
}

@article{mikolov2013distributed,
 author = {Mikolov, Tomas and Sutskever, Ilya and Chen, Kai and Corrado, Greg S and Dean, Jeff},
 journal = {Advances in neural information processing systems},
 title = {Distributed representations of words and phrases and their compositionality},
 volume = {26},
 year = {2013}
}

@inproceedings{morris2019weisfeiler,
 author = {Morris, Christopher and Ritzert, Martin and Fey, Matthias and Hamilton, William L and Lenssen, Jan Eric and Rattan, Gaurav and Grohe, Martin},
 booktitle = {Proceedings of the AAAI conference on artificial intelligence},
 number = {01},
 pages = {4602--4609},
 title = {Weisfeiler and leman go neural: Higher-order graph neural networks},
 volume = {33},
 year = {2019}
}

@article{narayanan2017graph2vec,
 author = {Narayanan, Annamalai and Chandramohan, Mahinthan and Venkatesan, Rajasekar and Chen, Lihui and Liu, Yang and Jaiswal, Shantanu},
 journal = {arXiv preprint arXiv:1707.05005},
 ppt = {\url{https://www.slideshare.net/RajPatel116/understanding-large-social-networks-ire-major-project-team-57-line}},
 title = {graph2vec: Learning distributed representations of graphs},
 year = {2017}
}

@inproceedings{ou2016asymmetric,
 author = {Ou, Mingdong and Cui, Peng and Pei, Jian and Zhang, Ziwei and Zhu, Wenwu},
 booktitle = {Proceedings of the 22nd ACM SIGKDD international conference on Knowledge discovery and data mining},
 pages = {1105--1114},
 title = {Asymmetric transitivity preserving graph embedding},
 year = {2016}
}

@article{roweis2000nonlinear,
 author = {Roweis, Sam T and Saul, Lawrence K},
 journal = {science},
 number = {5500},
 pages = {2323--2326},
 publisher = {American Association for the Advancement of Science},
 title = {Nonlinear dimensionality reduction by locally linear embedding},
 volume = {290},
 year = {2000}
}

@inproceedings{rozemberczki2021pytorch,
 author = {Benedek Rozemberczki and Paul Scherer and Yixuan He and George Panagopoulos and Alexander Riedel and Maria Astefanoaei and Oliver Kiss and Ferenc Beres and Guzman Lopez and Nicolas Collignon and Rik Sarkar},
 booktitle = {Proceedings of the 30th ACM International Conference on Information and Knowledge Management},
 pages = {4564â€“4573},
 title = {{PyTorch Geometric Temporal: Spatiotemporal Signal Processing with Neural Machine Learning Models}},
 year = {2021}
}

@article{shamsi2022chartalist,
 author = {Shamsi, Kiarash and Victor, Friedhelm and Kantarcioglu, Murat and Gel, Yulia and Akcora, Cuneyt G},
 journal = {Advances in Neural Information Processing Systems},
 pages = {34926--34939},
 title = {Chartalist: Labeled Graph Datasets for UTXO and Account-based Blockchains},
 volume = {35},
 year = {2022}
}

@article{shervashidze2011weisfeiler,
 author = {Shervashidze, Nino and Schweitzer, Pascal and Van Leeuwen, Erik Jan and Mehlhorn, Kurt and Borgwardt, Karsten M},
 journal = {Journal of Machine Learning Research},
 number = {9},
 title = {Weisfeiler-lehman graph kernels.},
 volume = {12},
 year = {2011}
}

@inproceedings{suresh2023expressive,
 author = {Suresh, Susheel and Shrivastava, Mayank and Mukherjee, Arko and Neville, Jennifer and Li, Pan},
 booktitle = {Proceedings of the ACM Web Conference 2023},
 pages = {567--577},
 title = {Expressive and Efficient Representation Learning for Ranking Links in Temporal Graphs},
 year = {2023}
}

@article{tenenbaum2000global,
 author = {Tenenbaum, Joshua B and Silva, Vin de and Langford, John C},
 journal = {science},
 number = {5500},
 pages = {2319--2323},
 publisher = {American Association for the Advancement of Science},
 title = {A global geometric framework for nonlinear dimensionality reduction},
 volume = {290},
 year = {2000}
}

@article{tfgnn,
 author = {Oleksandr Ferludin and Arno Eigenwillig and Martin Blais and
Dustin Zelle and Jan Pfeifer and Alvaro Sanchez{-}Gonzalez and
Wai Lok Sibon Li and Sami Abu{-}El{-}Haija and Peter Battaglia and
Neslihan Bulut and Jonathan Halcrow and
Filipe Miguel Gon{\c{c}}alves de Almeida and Pedro Gonnet and
Liangze Jiang and Parth Kothari and Silvio Lattanzi and 
Andr{\'{e}} Linhares and Brandon Mayer and Vahab Mirrokni and
John Palowitch and Mihir Paradkar and Jennifer She and
Anton Tsitsulin and Kevin Villela and Lisa Wang and David Wong and
Bryan Perozzi},
 journal = {CoRR},
 title = {{TF-GNN:} Graph Neural Networks in TensorFlow},
 url = {http://arxiv.org/abs/2207.03522},
 volume = {abs/2207.03522},
 year = {2023}
}

@inproceedings{tgn_icml_grl2020,
 author = {Emanuele Rossi and Ben Chamberlain and Fabrizio Frasca and Davide Eynard and Federico 
Monti and Michael Bronstein},
 booktitle = {ICML 2020 Workshop on Graph Representation Learning},
 title = {Temporal Graph Networks for Deep Learning on Dynamic Graphs},
 year = {2020}
}

@inproceedings{thonet2022listwise,
 author = {Thonet, Thibaut and Cinar, Yagmur Gizem and Gaussier, Eric and Li, Minghan and Renders, Jean-Michel},
 booktitle = {Proceedings of the AAAI Conference on Artificial Intelligence},
 number = {8},
 pages = {8494--8502},
 title = {Listwise Learning to Rank Based on Approximate Rank Indicators},
 volume = {36},
 year = {2022}
}

@article{wang2019dgl,
 author = {Minjie Wang and Da Zheng and Zihao Ye and Quan Gan and Mufei Li and Xiang Song and Jinjing Zhou and Chao Ma and Lingfan Yu and Yu Gai and Tianjun Xiao and Tong He and George Karypis and Jinyang Li and Zheng Zhang},
 journal = {arXiv preprint arXiv:1909.01315},
 title = {Deep Graph Library: A Graph-Centric, Highly-Performant Package for Graph Neural Networks},
 year = {2019}
}

@inproceedings{wang2021inductive,
 author = {Yanbang Wang and Yen-Yu Chang and Yunyu Liu and Jure Leskovec and Pan Li},
 booktitle = {International Conference on Learning Representations},
 title = {Inductive Representation Learning in Temporal Networks via Causal Anonymous Walks},
 url = {https://openreview.net/forum?id=KYPz4YsCPj},
 year = {2021}
}

@article{wu2018second,
 author = {Wu, Yubao and Zhang, Xiang and Bian, Yuchen and Cai, Zhipeng and Lian, Xiang and Liao, Xueting and Zhao, Fengpan},
 journal = {The VLDB Journal},
 pages = {127--152},
 publisher = {Springer},
 title = {Second-order random walk-based proximity measures in graph analysis: formulations and algorithms},
 volume = {27},
 year = {2018}
}

@inproceedings{xia2008listwise,
 author = {Xia, Fen and Liu, Tie-Yan and Wang, Jue and Zhang, Wensheng and Li, Hang},
 booktitle = {Proceedings of the 25th international conference on Machine learning},
 pages = {1192--1199},
 title = {Listwise approach to learning to rank: theory and algorithm},
 year = {2008}
}

@inproceedings{xu2018how,
 author = {Keyulu Xu and Weihua Hu and Jure Leskovec and Stefanie Jegelka},
 booktitle = {International Conference on Learning Representations},
 title = {How Powerful are Graph Neural Networks?},
 url = {https://openreview.net/forum?id=ryGs6iA5Km},
 year = {2019}
}

@article{xu2019self,
 author = {Xu, Da and Ruan, Chuanwei and Korpeoglu, Evren and Kumar, Sushant and Achan, Kannan},
 journal = {Advances in neural information processing systems},
 title = {Self-attention with functional time representation learning},
 volume = {32},
 year = {2019}
}

@article{xu2021understanding,
 author = {Xu, Mengjia},
 journal = {SIAM Review},
 number = {4},
 pages = {825--853},
 publisher = {SIAM},
 title = {Understanding graph embedding methods and their applications},
 volume = {63},
 year = {2021}
}

@inproceedings{yang2018hop,
 author = {Yang, Jheng-Hong and Chen, Chih-Ming and Wang, Chuan-Ju and Tsai, Ming-Feng},
 booktitle = {Proceedings of the 12th ACM conference on recommender systems},
 pages = {140--144},
 title = {HOP-rec: high-order proximity for implicit recommendation},
 year = {2018}
}

@article{yi2022graph,
 author = {Yi, Hai-Cheng and You, Zhu-Hong and Huang, De-Shuang and Kwoh, Chee Keong},
 journal = {Briefings in Bioinformatics},
 number = {1},
 pages = {bbab340},
 publisher = {Oxford University Press},
 title = {Graph representation learning in bioinformatics: trends, methods and applications},
 volume = {23},
 year = {2022}
}

@book{ying2021towards,
 author = {Ying, Rex Zhitao},
 publisher = {Stanford University},
 title = {Towards Expressive and Scalable Deep Representation Learning for Graphs},
 year = {2021}
}

@inproceedings{zhang2018arbitrary,
 author = {Zhang, Ziwei and Cui, Peng and Wang, Xiao and Pei, Jian and Yao, Xuanrong and Zhu, Wenwu},
 booktitle = {Proceedings of the 24th ACM SIGKDD international conference on knowledge discovery \& data mining},
 pages = {2778--2786},
 title = {Arbitrary-order proximity preserved network embedding},
 year = {2018}
}

@article{zhu2019aligraph,
 author = {Zhu, Rong and Zhao, Kun and Yang, Hongxia and Lin, Wei and Zhou, Chang and Ai, Baole and Li, Yong and Zhou, Jingren},
 journal = {Proceedings of the VLDB Endowment},
 number = {12},
 pages = {2094--2105},
 publisher = {VLDB Endowment},
 title = {AliGraph: a comprehensive graph neural network platform},
 volume = {12},
 year = {2019}
}

@article{zhao2017deep,
  title={Deep reinforcement learning for list-wise recommendations},
  author={Zhao, Xiangyu and Zhang, Liang and Xia, Long and Ding, Zhuoye and Yin, Dawei and Tang, Jiliang},
  journal={arXiv preprint arXiv:1801.00209},
  year={2017}
}

@article{wang2021pairwise,
  title={Pairwise learning for neural link prediction},
  author={Wang, Zhitao and Zhou, Yong and Hong, Litao and Zou, Yuanhang and Su, Hanjing and Chen, Shouzhi},
  journal={arXiv preprint arXiv:2112.02936},
  year={2021}
}